@article{foster2007combinators,
  title={Combinators for bidirectional tree transformations: A linguistic approach to the view-update problem},
  author={Foster, J Nathan and Greenwald, Michael B and Moore, Jonathan T and Pierce, Benjamin C and Schmitt, Alan},
  journal={ACM Transactions on Programming Languages and Systems (TOPLAS)},
  volume={29},
  number={3},
  pages={17},
  year={2007},
  publisher={ACM}
} 

@phdthesis{foster2009bidirectional,
  title={Bidirectional programming languages},
  author={Foster, John Nathan},
  year={2009},
  school={University of Pennsylvania}
}

@inproceedings{diskin2011state,
  title={From state-to delta-based bidirectional model transformations: The symmetric case},
  author={Diskin, Zinovy and Xiong, Yingfei and Czarnecki, Krzysztof and Ehrig, Hartmut and Hermann, Frank and Orejas, Fernando},
  booktitle={International Conference on Model Driven Engineering Languages and Systems},
  pages={304--318},
  year={2011},
  organization={Springer}
}


@article{johnson2017symmetric,
  title={Symmetric delta lenses and spans of asymmetric delta lenses},
  author={Johnson, Michael and Rosebrugh, Robert},
  journal={Journal of Object Technology, to appear},
  year={2017}
}


@article{pacheco2012delta,
  title={Delta lenses over inductive types},
  author={Pacheco, Hugo and Cunha, Alcino and Hu, Zhenjiang},
  journal={Electronic Communications of the EASST},
  volume={49},
  year={2012}
}

@article{johnson2012lenses,
  title={Lenses, fibrations and universal translations},
  author={Johnson, Michael and Rosebrugh, Robert and Wood, Richard J},
  journal={Mathematical Structures in Computer Science},
  volume={22},
  number={1},
  pages={25--42},
  year={2012},
  publisher={Cambridge University Press}
}

@inproceedings{bohannon2008boomerang,
  title={Boomerang: resourceful lenses for string data},
  author={Bohannon, Aaron and Foster, J Nathan and Pierce, Benjamin C and Pilkiewicz, Alexandre and Schmitt, Alan},
  booktitle={ACM SIGPLAN Notices},
  volume={43},
  number={1},
  pages={407--419},
  year={2008},
  organization={ACM}
}

@inproceedings{barbosa2010matching,
  title={Matching lenses: alignment and view update},
  author={Barbosa, Davi MJ and Cretin, Julien and Foster, Nate and Greenberg, Michael and Pierce, Benjamin C},
  booktitle={ACM Sigplan Notices},
  volume={45},
  number={9},
  pages={193--204},
  year={2010},
  organization={ACM}
}

@inproceedings{hofmann2012edit,
  title={Edit lenses},
  author={Hofmann, Martin and Pierce, Benjamin and Wagner, Daniel},
  booktitle={ACM SIGPLAN Notices},
  volume={47},
  number={1},
  pages={495--508},
  year={2012},
  organization={ACM}
}