@TechReport{fowz15a,
  author = 	 {Jonathan Frankle and Peter-Michael Osera and David Walker and Steve Zdancewic},
  title = 	 {Example-Directed Synthesis: A Type-Theoretic Interpretation (extended version)},
  institution =  {University of Pennsylvania},
  year = 	 2015,
  number = 	 {MS-CIS-15-12}}


@TechReport{frankle+:popl16,
  author = 	 {Jonathan Frankle and Peter-Michael Osera and David Walker and Steve Zdancewic},
  title = 	 {Example-Directed Synthesis: A Type-Theoretic Interpretation (extended version)},
  institution =  {University of Pennsylvania},
  year = 	 2015,
  number = 	 {MS-CIS-15-12}}

@inproceedings{boomerang,
  author = {Bohannon, Aaron and Foster, J. Nathan and Pierce, Benjamin C. and Pilkiewicz, Alexandre and Schmitt, Alan},
  title = {Boomerang: Resourceful Lenses for String Data},
  booktitle = {Proceedings of the 35th Annual ACM SIGPLAN-SIGACT Symposium on Principles of Programming Languages},
  series = {POPL '08},
  year = {2008},
  publisher = {ACM},
} 

@Book{conway, 
  Author = {Conway, J. H.},
  Title = {Regular Algebra and Finite Machines},
  Publisher = {Printed in GB by William Clowes \& Sons Ltd},
  Year = {1971}
} 

@article{Krob,
  author = {Krob, Daniel},
  title = {Complete Systems of   B-rational Identities},
  journal = {Theor. Comput. Sci.},
  issue_date = {Oct. 28, 1991},
  volume = {89},
  number = {2},
  month = oct,
  year = {1991},
  issn = {0304-3975},
  OMITpages = {207--343},
  OMITnumpages = {137},
  OMITurl = {http://dx.doi.org/10.1016/0304-3975(91)90395-I},
  OMITdoi = {10.1016/0304-3975(91)90395-I},
  OMITacmid = {123646},
  publisher = {Elsevier Science Publishers Ltd.},
  address = {Essex, UK},
} 


@inproceedings{tds-pldi,
  title={Type-and-example-directed program synthesis},
  author={Osera, Peter-Michael and Zdancewic, Steve},
  booktitle={Proceedings of the 36th ACM SIGPLAN Conference on Programming Language Design and Implementation},
  year={2015},
  organization={ACM}
}

@inproceedings{osera+:pldi15,
  title={Type-and-example-directed program synthesis},
  author={Osera, Peter-Michael and Zdancewic, Steve},
  booktitle={Proceedings of the 36th ACM SIGPLAN Conference on Programming Language Design and Implementation},
  year={2015},
  organization={ACM}
}

@Online{frankle-thesis,
  author      = {Frankle, Jonathan},
  title       = {Type-Directed Synthesis of Products},
  eprinttype  = {arxiv},
  eprint      = {arXiv:1510.08121v1},
  url = {http://arxiv.org/abs/1510.08121},
  year=2015,
  month=oct,
}



@inproceedings{armando+:pldi16,
 author = {Polikarpova, Nadia and Kuraj, Ivan and Solar-Lezama, Armando},
 title = {Program Synthesis from Polymorphic Refinement Types},
 booktitle = {Proceedings of the 37th ACM SIGPLAN Conference on Programming Language Design and Implementation},
 series = {PLDI '16},
 year = {2016},
 OMITisbn = {978-1-4503-4261-2},
 OMITlocation = {Santa Barbara, CA, USA},
 OMITpages = {522--538},
 OMITnumpages = {17},
 OMITurl = {http://doi.acm.org/10.1145/2908080.2908093},
 OMITdoi = {10.1145/2908080.2908093},
 OMITacmid = {2908093},
 publisher = {ACM},
 OMITaddress = {New York, NY, USA},
 OMITkeywords = {Functional Programming, Predicate Abstraction, Program Synthesis, Refinement Types},
} 

@InProceedings{computation-survey,
  author = 	 {Prakash Prabhu and  Thomas B. Jablin and  Arun Raman and  Yun Zhang and  Jialu Huang and  Hanjun Kim and  Nick P. Johnson and  Feng Liu and  Soumyadeep Ghosh and  Stephen Beard and  Taewook Oh and  Matthew Zoufaly and  David Walker and  David I. August},
  title = 	 {A Survey of the Practice of Computational Science},
  booktitle = {{SC} 11: The  International Conference for High Performance Computing, Networking, Storage and Analysis},
  year = 	 2011,
  month = 	 nov,
}

@inproceedings{wadler,
  title={Theorems for free!},
  author={Wadler, Philip},
  booktitle={Proceedings of the fourth international conference on Functional programming languages and computer architecture},
  pages={347--359},
  year={1989},
  organization={ACM}
}

@article{reynolds,
  title={Types, abstraction and parametric polymorphism},
  author={Reynolds, John C},
  year={1983}
}

@inproceedings{escher,
  title={Recursive program synthesis},
  author={Albarghouthi, Aws and Gulwani, Sumit and Kincaid, Zachary},
  booktitle={Computer Aided Verification},
  pages={934--950},
  year={2013},
}

@misc{atp,
  title={Automated Theorem Proving},
  author={Pfenning, Frank},
  year={2004},
  url={http://www.cs.cmu.edu/~fp/courses/atp/index.html}
}

@misc{msft-numbers,
  author = { {Microsoft Corporation} },
  title={Microsoft by the Numbers},
  year={2015},
  url={http://news.microsoft.com/bythenumbers/ms\_numbers.pdf}
}

@mastersthesis{jfrankle-thesis,
  author       = {Jonathan Frankle}, 
  title        = {Type-Directed Synthesis of Products},
  school       = {Princeton University},
  year         = 2015,
}

@inproceedings{combinatorial-sketching,
  title={Combinatorial sketching for finite programs},
  author={Solar-Lezama, Armando and Tancau, Liviu and Bodik, Rastislav and Seshia, Sanjit and Saraswat, Vijay},
  booktitle={ACM Sigplan Notices},
  volume={41},
  pages={404--415},
  year={2006},
  organization={ACM}
}

@inproceedings{flashfill,
  title={Automating string processing in spreadsheets using input-output examples},
  author={Gulwani, Sumit},
  booktitle={ACM SIGPLAN Notices},
  volume={46},
  pages={317--330},
  year={2011},
  organization={ACM}
}


@book{pfenning-refinements,
  title={Refinement types for ML},
  author={Freeman, Tim and Pfenning, Frank},
  volume={26},
  year={1991},
  publisher={ACM}
}


@Article{andreoli:focusing,
  author = 	 {J.-M. Andreoli},
  title = 	 {Logic programming with focusing proofs in linear logic},
  journal = 	 {Journal of Logic and Computation},
  year = 	 {1992},
  volume = 	 {2},
  number = 	 {3},
  pages = 	 {297-347},
}

@inproceedings{feser-pldi-2015,
  author    = { Feser, John K. and Chaudhuri, Swarat and Dillig, Isil },
  title     = { Synthesizing Data Structure Transformations from Input-output Examples },
  booktitle = { Proceedings of the 36th ACM SIGPLAN Conference on Programming Language Design and Implementation (PLDI) },
  year      = { 2015 },
}

@inproceedings{scherer-icfp-2015,
  author    = { Scherer, Gabriel and R\`{e}my, Didier },
  title     = { Which simple types have a unique inhabitant? },
  booktitle = { Proceedings of the 18th {ACM} {SIGPLAN} {I}nternational {C}onference on {F}unctional {P}rogramming (ICFP) },
  year      = { 2015 },
}

@misc{augustsson-2004,
  author = { Lennart Augustsson },
  title = { [Haskell] Announcing Djinn, version 2004-12-11, a coding wizard },
  howpublished = { Mailing List },
  year = { 2004 },
  note = { \url{http://www.haskell.org/pipermail/haskell/2005-December/017055.html} },
}

@inproceedings{gvero-pldi-2013,
  author    = { Gvero, Tihomir and Kuncak, Viktor and Kuraj, Ivan and Piskac, Ruzica },
  title     = { Complete Completion Using Types and Weights },
  booktitle = { Proceedings of the 2013 {ACM} {SIGPLAN} {C}onference on {P}rogramming {L}anguage {D}esign and
    {I}mplementation {(PLDI)} },
  year      = 2013,
  keywords  = { synthesis }
}

@inproceedings{katayama-pepm-2012,
  author = {Katayama, Susumu},
  title = {An Analytical Inductive Functional Programming System That Avoids Unintended Programs},
  booktitle = {Proceedings of the ACM SIGPLAN 2012 Workshop on Partial Evaluation and Program Manipulation},
  series = {PEPM '12},
  year = {2012},
  isbn = {978-1-4503-1118-2},
  location = {Philadelphia, Pennsylvania, USA},
  pages = {43--52},
  numpages = {10},
  acmid = {2103758},
  publisher = {ACM},
  address = {New York, NY, USA},
}

@phdthesis{kitzelmann-thesis-2010,
  author  = { Emanuel Kitzelmann },
  title   = { A Combined Analytical and Search-based Approach to the Inductive Synthesis of Functional Programs },
  year    = { 2010 },
  school  = { Fakul\"{a}t f\"{u}r Wirtschafts-und Angewandte Informatik, Universit\"{a}t Bamberg },
}

@phdthesis{solar-lezama-thesis-2008,
  author  = { Solar-Lezama, Armando },
  title   = { Program Synthesis by Sketching },
  school  = { University of California, Berkeley },
  year    = { 2008 },
}

@inproceedings{kuncak-pldi-2010,
  author    = { Kuncak, Viktor and Mayer, Mika\"{e}l and Piskac, Ruzica and Suter, Philippe },
  title     = { Complete Functional Synthesis },
  booktitle = { Proceedings of the 31th {ACM} {SIGPLAN} Conference on Programming Language Design and Implementation },
  series    = { PLDI '10 },
  year      = { 2010 },
}

@inproceedings{le-pldi-2014,
  author     = { Le, Vu and Gulwani, Sumit },
  title      = { {FlashExtract}: {A} Framework for Data Extraction by Examples },
  booktitle  = { Proceedings of the 35th {ACM} {SIGPLAN} Conference on Programming Language Design and Implementation },
  series     = { PLDI '14 },
  year       = { 2014 },
  publisher  = { ACM },
}

@inproceedings{gulwani-popl-2014,
 author = {Gulwani, Sumit},
 title = {Automating String Processing in Spreadsheets Using Input-output Examples},
 booktitle = {Proceedings of the 38th Annual ACM SIGPLAN-SIGACT Symposium on Principles of Programming Languages},
 series = {POPL '11},
 year = {2011},
 publisher = {ACM},
} 


@phdthesis{lau-thesis-2001,
  author    = { Lau, Tessa },
  title     = { Programming by Demonstration: a Machine Learning Approach },
  school    = { University of Washington },
  year      = { 2001 },
}

@PhdThesis{dunfield-thesis,
  author = 	 {Joshua Dunfield},
  title = 	 {A unified system of type refinements},
  school = 	 {Carnegie Mellon University},
  year = 	 {2007},
}

@article{Barbanera:intersection-union,
 author = {Barbanera, F. and Dezaniciancaglini, M. and Deliguoro, U.},
 title = {Intersection and Union Types},
 journal = {Information and Computation},
 issue_date = {June 1995},
 volume = {119},
 number = {2},
 month = jun,
 year = {1995},
 pages = {202--230},
} 


@InProceedings{pads:synthesis,
  author = 	 {Kathleen Fisher and David Walker and Kenny Q. Zhu and Peter White},
  title = 	 {From Dirt to Shovels:  Fully Automatic Tool Generation From Ad Hoc Data},
  booktitle = popl,
  year = 	 2008,
}



@InProceedings{davies:refinements,
  author = 	 {Rowan Davies},
  title = 	 {A Practical Refinement-Type Checker for Standard ML},
  OPTbooktitle = {Sixth International Conference on Algebraic Methodology and Software Technology },
  OPTyear = 	 1997,
}


@inproceedings{dunfield:tri,
 author = {Dunfield, Joshua and Pfenning, Frank},
 title = {Tridirectional Typechecking},
 booktitle = popl,
 year = {2004},
 pages = {281--292},
} 

@incollection{rehouf:fcl,
  year={2011},
  booktitle={Typed Lambda Calculi and Applications},
  volume={6690},
  series={Lecture Notes in Computer Science},
  editor={Ong, Luke},
  title={Finite Combinatory Logic with Intersection Types},
  publisher={Springer Berlin Heidelberg},
  author={Rehof, Jakob and Urzyczyn, Paweł},
  pages={169-183},
}

@inproceedings{rehouf:stagedcomp,
  author    = {Boris D{\"{u}}dder and
               Moritz Martens and
               Jakob Rehof},
  title     = {Staged Composition Synthesis},
  booktitle = {Programming Languages and Systems - 23rd European Symposium on Programming,
               {ESOP} 2014, Held as Part of the European Joint Conferences on Theory
               and Practice of Software, {ETAPS} 2014, Grenoble, France, April 5-13,
               2014, Proceedings},
  pages     = {67--86},
  year      = {2014},
  url       = {http://dx.doi.org/10.1007/978-3-642-54833-8_5},
  doi       = {10.1007/978-3-642-54833-8_5},
  timestamp = {Sun, 23 Mar 2014 10:48:25 +0100},
  biburl    = {http://dblp.uni-trier.de/rec/bib/conf/esop/DudderMR14},
  bibsource = {dblp computer science bibliography, http://dblp.org}
}

@article{unambigregex,
  author = {Book, R. and Even, S. and Greibach, S. and Ott, G.},
  title = {Ambiguity in Graphs and Expressions},
  journal = {IEEE Trans. Comput.},
  issue_date = {February 1971},
  volume = {20},
  number = {2},
  month = feb,
  year = {1971},
  issn = {0018-9340},
  pages = {149--153},
  publisher = {IEEE Computer Society},
} 

@article{Focal2005-long2,
  author = {J. Nathan Foster and Michael B. Greenwald and Jonathan T. Moore 
                  and Benjamin C. Pierce and Alan Schmitt},
  title = {Combinators for bidirectional tree transformations: 
                  {A} linguistic approach to the view-update problem},
  journal = {ACM Transactions on Programming Languages and Systems},
  volume = {29},
  number = {3},
  pages = {17},
  month = may,
  year = {2007},
  publisher = {ACM Press},
}

@Misc{augeas2,
title = {Augeas - {A} configuration {API}},
url = {http://augeas.net/index.html},
}

@inproceedings{bixid,
 author = {Kawanaka, Shinya and Hosoya, Haruo},
 title = {{biXid}: A Bidirectional Transformation Language for {XML}},
 booktitle = {Proceedings of the Eleventh ACM SIGPLAN International Conference on Functional Programming},
 series = {ICFP '06},
 year = {2006},
 pages = {201--214},
 publisher = {ACM},
}

@article{xsugar,
 author = {Brabrand, Claus and M{\o}ller, Anders and Schwartzbach, Michael I.},
 title = {Dual Syntax for {XML} Languages},
 journal = {Inf. Syst.},
 issue_date = {June, 2008},
 volume = {33},
 number = {4-5},
 month = jun,
 year = {2008},
 issn = {0306-4379},
 pages = {385--406},
 publisher = {Elsevier Science Ltd.},
}

@misc{epidoc,
  author = {Bodard, Gabriel and Cayless, Hugh and Elliott, Tom},
  title = {EpiDoc: Epigraphic Documents in {TEI XML}},
  url = {https://sourceforge.net/projects/epidoc/},
}

@misc{epidocleidenplus,
author = {Cayless, Hugh A. and Cowey, James M.S. and Hill, Timothy David and Baumann, Ryan}, 
title = {XSugar code for {EpiDoc}\textless-\textgreater{Leiden+} transformation},
url = {https://github.com/papyri/xsugar},
}

@misc{leidenplus,
title = {Text {Leiden+} Documentation},
url = {http://papyri.info/docs/leiden_plus},
}

@article{symmetric-lenses,
  author = {Martin Hofmann and Benjamin C. Pierce and Daniel Wagner},
  title = {Symmetric Lenses},
  year = {2015},
  journal = {Journal of the ACM},
  note = {To appear; extended abstract in POPL 2011},
  bcp = {yes},
  plclub = {yes},
  keys = {harmony},
  short = {http://www.cis.upenn.edu/~bcpierce/papers/symmetric.pdf}
}

@inproceedings{yag+:pldi16,
 author = {Yaghmazadeh, Navid and Klinger, Christian and Dillig, Isil and Chaudhuri, Swarat},
 title = {Synthesizing Transformations on Hierarchically Structured Data},
 booktitle = {Proceedings of the 37th ACM SIGPLAN Conference on Programming Language Design and Implementation},
 series = {PLDI '16},
 year = {2016},
 pages = {508--521},
 publisher = {ACM},
}

@inproceedings{chen2010comparative,
  title={A comparative study of view update problem},
  author={Chen, Haitao and Liao, Husheng},
  booktitle={Data Storage and Data Engineering (DSDE), 2010 International Conference on},
  pages={83--89},
  year={2010},
  organization={IEEE}
}



@article{singh2012learning,
  title={Learning semantic string transformations from examples},
  author={Singh, Rishabh and Gulwani, Sumit},
  journal={Proceedings of the VLDB Endowment},
  volume={5},
  number={8},
  pages={740--751},
  year={2012},
  publisher={VLDB Endowment}
}

@misc{bharry,
author = {Harry, Brian},
title = {A new API for Visual Studio Online},
type = {Blog},
number = {May 12},
year = {2014},
urldate = {2017-05-02},
organization = {Microsoft Corporation},
}
%howpublished = {\url{https://blogs.msdn.microsoft.com/bharry/2014/05/12/a-new-api-for-visual-studio-online/}},

@inproceedings{perelman2014test,
 author = {Perelman, Daniel and Gulwani, Sumit and Grossman, Dan and Provost, Peter},
 title = {Test-driven Synthesis},
 booktitle = {Proceedings of the 35th ACM SIGPLAN Conference on Programming Language Design and Implementation},
 series = {PLDI '14},
 year = {2014},
  pages = {408--418},
 } 

@article{Singh:blinkfill,
 author = {Singh, Rishabh},
 title = {BlinkFill: Semi-supervised Programming by Example for Syntactic String Transformations},
 journal = {Proc. VLDB Endow.},
 issue_date = {June 2016},
 volume = {9},
 number = {10},
 month = jun,
 year = {2016},
 pages = {816--827},
} 

@manual{team-explorer,
title = {Requirements and compatibility | Team Foundation Server Setup, Update and Administration},
howpublished = {\url{https://www.visualstudio.com/en-us/docs/setup-admin/requirements}},
urldate = {2017-05-02},
organization = {Microsoft Corporation},
}

@misc{prose,
title={Microsoft Program Synthesis using Examples SDK},
url={https://microsoft.github.io/prose/},
journal={Microsoft PROSE SDK}}

@Inbook{Droste2009,
author="Droste, Manfred
and Kuich, Werner",
editor="Droste, Manfred
and Kuich, Werner
and Vogler, Heiko",
title="Semirings and Formal Power Series",
bookTitle="Handbook of Weighted Automata",
year="2009",
publisher="Springer Berlin Heidelberg",
address="Berlin, Heidelberg",
pages="3--28",
isbn="978-3-642-01492-5",
doi="10.1007/978-3-642-01492-5_1",
url="http://dx.doi.org/10.1007/978-3-642-01492-5_1"
}



%%% Local Variables:
%%% TeX-master: "main"
%%% End: